<?xml version="1.0" encoding="UTF-8"?><collection xmlns="http://www.loc.gov/MARC21/slim"><record><leader>00349nam--2200121-i-4500</leader><controlfield tag="001">000031028</controlfield><controlfield tag="002">20161230</controlfield><controlfield tag="005">20161230201038</controlfield><controlfield tag="008">060222s1000------------r-----000-0-eng-d</controlfield><datafield ind1=" " ind2=" " tag="100"><subfield code="a">Lobel, Leopold</subfield></datafield><datafield ind1=" " ind2=" " tag="245"><subfield code="a">La technique cinematographique.projection fabrication des films</subfield></datafield><datafield ind1=" " ind2=" " tag="260"><subfield code="a">Paris, H.Dunod Et E.Pinat, Editeurs, 1912. Xii+324p</subfield></datafield><datafield ind1=" " ind2=" " tag="852"><subfield code="a">1123</subfield></datafield></record></collection>